
@misc{P1,
author=         {Farago, P.},
title=          {The {G}reat {D}istribution of {W}ealth {A}cross i{OS} and {A}ndroid {A}pps},
howpublished=   {\url{http://blog.flurry.com/bid/88014/The-Great-Distribution-of-Wealth-Across-iOS-and-Android-Apps}},
year=           2012,
}

@misc{P2,
author=         {Datamonitor},
title=          {Software: {G}lobal {I}ndustry {G}uide},
howpublished=   {\url{http://www.datamonitor.com/store/Product/software_global_industry_guide?productid=46A43D30-02A3-4425-BFFB-47FCFD5A3AE5}},
year=           2011
}

@misc{P3,
author=         {Business Software Alliance},
title=          {Software {I}ndustry {F}acts and {F}igures},
howpublished=   {\url{http://www.bsa.org/country/public%20policy/~/media/files/policy/security/general/sw_factsfigures.ashx}},
year=           2009,
publisher=      {}
}

@misc{P4,
author=         {Hay, D.},
title=          {10 {S}olutions for {C}reating {C}ross-{P}latform {M}obile {A}pps},
howpublished=   {\url{http://sixrevisions.com/mobile/cross-platform-mobile-apps/}},
year=           2012
}

@misc{P5,
author=         {Apple Inc.},
title=          {i{P}hone {SDK} {A}greement},
howpublished=   {\url{http://www.wired.com/images_blogs/gadgetlab/files/iphone-sdk-agreement.pdf}},
year=           2010,
publisher=      {}
}

@misc{P6,
author=         {Gruber, J.},
title=          {New i{P}hone {D}eveloper {A}greement {B}ans the {U}se of {A}dobe's {F}lash-to-i{P}hone {C}ompiler},
howpublished=   {\url{http://daringfireball.net/2010/04/iphone_agreement_bans_flash_compiler}},
year=           2010
}

@misc{P7,
author=         {LLVM Project},
title=          {{LLVM}â€™s {A}nalysis and {T}ransform {P}asses},
howpublished=   {\url{http://llvm.org/docs/Passes.html}},
year=           2013
}

@misc{P8,
author=         {LLVM Project},
title=          {Writing an {LLVM} {C}ompiler {B}ackend},
howpublished=   {\url{llvm.org/docs/WritingAnLLVMBackend.html#Prerequisite}},
year=           2013
}
@misc{GoogleProjectHosting2013,
author = {{Google Project Hosting}},
howpublished = {http://code.google.com/p/smali/},
title = {{smali About Page}},
url = {http://code.google.com/p/smali/},
year = {2013}
}
@article{Islam2012,
author = {Islam, Zak},
howpublished = {http://www.tomsguide.com/us/Google-Play-Android-Apple-iOS,news-16235.html},
title = {{Google Play Matches Apple's iOS With 700,000 Apps}},
url = {http://www.tomsguide.com/us/Google-Play-Android-Apple-iOS,news-16235.html},
year = {2012}
}
@misc{IDC2012,
author = {IDC},
howpublished = {http://www.idc.com/getdoc.jsp?containerId=prUS23771812\#.UUZ7veNMjqg},
title = {{Android Marks Fourth Anniversary Since Launch with 75.0\% Market Share in Third Quarter, According to IDC}},
url = {http://www.idc.com/getdoc.jsp?containerId=prUS23771812#.UUZ7veNMjqg},
year = {2012}
}
@misc{TheAndroidOpenSourceProject2007,
author = {{The Android Open Source Project}},
howpublished = {http://source.android.com/tech/dalvik/dalvik-bytecode.html},
title = {{Bytecode for the Dalvik VM}},
url = {http://source.android.com/tech/dalvik/dalvik-bytecode.html},
year = {2007}
}
@phdthesis{Lattner2002,
author = {Lattner, Chris Arthur},
file = {:home/szm/Downloads/2002-12-LattnerMSThesis.pdf:pdf},
title = {{LLVM : An Infrastructure for Multi-stage Optimization}},
year = {2002}
}
@techreport{NeXTCorporation1991,
author = {{NeXT Corporation}},
file = {:home/szm/Downloads/page646\_3.pdf:pdf},
title = {{Object-Oriented Applications Development With NeXTstep}},
year = {1991}
}
@misc{BloombergBusinessweek2005,
author = {{Bloomberg Businessweek}},
title = {{Google Buys Android for Its Mobile Arsenal}},
url = {http://www.businessweek.com/stories/2005-08-16/google-buys-android-for-its-mobile-arsenal},
year = {2005}
}
@misc{Lattner,
author = {Lattner, Chris Arthur},
title = {{LLVM Related Publications}},
url = {http://llvm.org/pubs/}
}
@book{Biancuzzi2009,
author = {Biancuzzi, F and Warden, S},
file = {:home/szm/Downloads/[Federico\_Biancuzzi,\_Shane\_Warden]\_Masterminds\_of\_(Bookos.org).pdf:pdf},
isbn = {9780596515171},
title = {{Masterminds of Programming}},
url = {http://onlinelibrary.wiley.com/doi/10.1002/cbdv.200490137/abstract http://www.lavoisier.fr/livre/notice.asp?ouvrage=1460321},
year = {2009}
}
@misc{Telecompaper2012,
author = {Telecompaper},
howpublished = {http://www.telecompaper.com/news/lenovo-unveils-smart-tv-running-android-40--848497},
title = {{Lenovo unveils smart TV running Android 4.0}},
url = {http://www.telecompaper.com/news/lenovo-unveils-smart-tv-running-android-40--848497},
year = {2012}
}
@misc{Etherington2013,
author = {Etherington, Darrell},
howpublished = {http://techcrunch.com/2013/02/28/ouya-android-gaming-console-to-start-shipping-to-backers-march-28},
title = {{OUYA Android Gaming Console To Start Shipping To Backers March 28}},
url = {http://techcrunch.com/2013/02/28/ouya-android-gaming-console-to-start-shipping-to-backers-march-28},
year = {2013}
}
@misc{DeLacey2007,
author = {DeLacey, Brian},
howpublished = {http://onlamp.com/pub/a/onlamp/2007/11/12/google-calling-inside-the-gphone-sdk.html},
title = {{Google Calling: Inside Android, the gPhone SDK}},
url = {http://onlamp.com/pub/a/onlamp/2007/11/12/google-calling-inside-the-gphone-sdk.html},
year = {2007}
}
