
@misc{P1,
author=         {Farago, P.},
title=          {The {G}reat {D}istribution of {W}ealth {A}cross i{OS} and {A}ndroid {A}pps},
howpublished=   {\url{http://blog.flurry.com/bid/88014/The-Great-Distribution-of-Wealth-Across-iOS-and-Android-Apps}},
year=           2012,
}

@misc{P2,
author=         {Datamonitor},
title=          {Software: {G}lobal {I}ndustry {G}uide},
howpublished=   {\url{http://www.datamonitor.com/store/Product/software_global_industry_guide?productid=46A43D30-02A3-4425-BFFB-47FCFD5A3AE5}},
year=           2011
}

@misc{P3,
author=         {Business Software Alliance},
title=          {Software {I}ndustry {F}acts and {F}igures},
howpublished=   {\url{http://www.bsa.org/country/public%20policy/~/media/files/policy/security/general/sw_factsfigures.ashx}},
year=           2009,
publisher=      {}
}

@misc{P4,
author=         {Hay, D.},
title=          {10 {S}olutions for {C}reating {C}ross-{P}latform {M}obile {A}pps},
howpublished=   {\url{http://sixrevisions.com/mobile/cross-platform-mobile-apps/}},
year=           2012
}

@misc{P5,
author=         {Apple Inc.},
title=          {i{P}hone {SDK} {A}greement},
howpublished=   {\url{http://www.wired.com/images_blogs/gadgetlab/files/iphone-sdk-agreement.pdf}},
year=           2010,
publisher=      {}
}

@misc{P6,
author=         {Gruber, J.},
title=          {New i{P}hone {D}eveloper {A}greement {B}ans the {U}se of {A}dobe's {F}lash-to-i{P}hone {C}ompiler},
howpublished=   {\url{http://daringfireball.net/2010/04/iphone_agreement_bans_flash_compiler}},
year=           2010
}

@misc{P7,
author=         {LLVM Project},
title=          {{LLVM}â€™s {A}nalysis and {T}ransform {P}asses},
howpublished=   {\url{http://llvm.org/docs/Passes.html}},
year=           2013
}

@misc{P8,
author=         {LLVM Project},
title=          {Writing an {LLVM} {C}ompiler {B}ackend},
howpublished=   {\url{llvm.org/docs/WritingAnLLVMBackend.html#Prerequisite}},
year=           2013
}